@article{PhysRevD.25.581,
  title = {Two-loop $\ensuremath{\beta}$ function for a ${G}_{1}\ifmmode\times\else\texttimes\fi{}{G}_{2}$ gauge theory},
  author = {Jones, D. R. T.},
  journal = {Phys. Rev. D},
  volume = {25},
  issue = {2},
  pages = {581--582},
  numpages = {0},
  year = {1982},
  month = {Jan},
  publisher = {American Physical Society},
  doi = {10.1103/PhysRevD.25.581},
  url = {http://link.aps.org/doi/10.1103/PhysRevD.25.581}
}
